@article{noor2013note,
  title={A note on the kinetics of enzyme action: a decomposition that highlights thermodynamic effects},
  author={Noor, Elad and Flamholz, Avi and Liebermeister, Wolfram and Bar-Even, Arren and Milo, Ron},
  journal={FEBS letters},
  volume={587},
  number={17},
  pages={2772--2777},
  year={2013},
  publisher={Elsevier}
}

@article{adadi2012prediction,
  title={Prediction of microbial growth rate versus biomass yield by a metabolic network with kinetic parameters},
  author={Adadi, Roi and Volkmer, Benjamin and Milo, Ron and Heinemann, Matthias and Shlomi, Tomer},
  journal={PLoS computational biology},
  volume={8},
  number={7},
  pages={e1002575},
  year={2012},
  publisher={Public Library of Science San Francisco, USA}
}

@article{flamholz2012glycotic,
  title={Glycolytic strategy as a tradeoff between energy yield and protein cost},
  author={Flamholz, Avi and Noor, Elad and Bar-Even, Arren and Liebermeister, Wolfram and Milo, Ron},
  journal={PNAS},
  volume={110},
  number={24},
  pages={10039-10044},
  year={2013},
  publisher={}
}

@article{alva2020insights
  title={New insights into transport capability of sugars and its impact on growth from novel mutants of Escherichia coli},
  author={Alva, Alma and Sabido-Ramos, Andrea and Escalante, Adelfo and Bolívar, Francisco},
  journal={Appl Microbiol Biotechnol.},
  volume={104},
  number={4},
  pages={1463-1479},
  year={2020},
  publisher={Springer-Verlag GmbH Germany},
}

@article{schulze1964relationship
  title={Relationship between substrate concentration, growth rate, and respiration rate of Escherichia coli in continuous culture.},
  author={Schulze, Karl L. and Lipe, Robert S.},
  journal={Archiv für Mikrobiologie},
  volume={48},
  number={},
  pages={1-20},
  year={1964},
  publisher={Springer-Verlag GmbH Germany},
}

@article{molenaar2009shifts
  title={Shifts in growth strategies reflect tradeoffs in cellular economics},
  author={Molenaar, Douwe and van Berlo, Rogier and de Ridder, Dick and Teusink, Bas},
  journal={Mol Syst Biol.},
  volume={5},
  number={323},
  pages={},
  year={2009},
  publisher={EMBO and Nature Publishing Group},
}

@article{großkopf2016diversity
  title={Microbial diversity arising from thermodynamic constraints},
  author={Großkopf, Tobias and , Orkun S.},
  journal={The ISME Journal},
  volume={10},
  number={},
  pages={2725–2733},
  year={2016},
  publisher={},
}

@article{bennett2009absolute
  title={Absolute metabolite concentrations and implied enzyme active site occupancy in Escherichia coli},
  author={Bennett, Bryson D and Kimball, Elizabeth H and Gao, Melissa and Osterhout, Robin and Van Dien, Stephen J and Rabinowitz, Joshua D},
  journal={Nat Chem Biol},
  volume={5},
  number={},
  pages={593-599},
  year={2009},
  publisher={},
}